@online{Stas25HMM,
	title={{Data-Dependent Hidden Markov Model with Off-Road State Determination and Real-Time Viterbi Algorithm for Lane Determination in Autonomous Vehicles}}, 
	author={Mike Stas and Wang Hu and Jay A. Farrell},
	year={2025},
	eprint={2505.04763},
	archivePrefix={arXiv},
	primaryClass={cs.RO},
	note={Available: \url{https://arxiv.org/abs/2505.04763v2}}, 
}

@article{abrams2017,
	title={{Eyes on the Road}},
	author={Abrams, Michael and Romer, Thomas},
	journal={Mechanical Engineering},
	volume={139},
	number={12},
	pages={33--33},
	year={2017},
	publisher={ASME}
}

@article{Atia2017,  
	author={Atia, Mohamed Maher and Hilal, Allaa R. and Stellings, Clive and Hartwell, Eric and Toonstra, Jason and Miners, William B. and Basir, Otman A.},  journal={IEEE T-ITS},   
	title={{A Low-Cost Lane-Determination System Using GNSS/IMU Fusion and HMM-Based Multistage Map Matching}},   
	year={2017},  
	volume={18},  
	number={11},  
	pages={3027-3037},  
	doi={10.1109/TITS.2017.2672541}}

@article{bergen2018,
	title={Nobody wants to let Google win the war for maps all over again},
	author={Bergen, Mark},
	journal={Star Bus J},
	year={2018}
}

@book{cai2011unmanned,
	title={{Unmanned rotorcraft systems}},
	author={Cai, Guowei and Chen, Ben M and Lee, Tong Heng},
	year={2011},
	publisher={Springer}
}


@INPROCEEDINGS{Calta2017,
	author={Caltagirone, Luca and Scheidegger, Samuel and Svensson, Lennart and Wahde, Mattias},
	booktitle={IEEE Intell. Veh. Symp.}, 
	title={Fast LIDAR-based road detection using fully convolutional neural networks}, 
	year={2017},
	volume={},
	number={},
	pages={1019-1024},
	doi={10.1109/IVS.2017.7995848}}


@article{ChengQinjinRanAnderson2011,
	author = {Yang Cheng and Xiao Qin and Jing Jin and Bin Ran and Jason Anderson},
	title ={Cycle-by-Cycle Queue Length Estimation for Signalized Intersections Using Sampled Trajectory Data},
	journal = {Transportation Research Record},
	volume = {2257},
	number = {1},
	pages = {87-94},
	year = {2011},
	doi = {10.3141/2257-10},
}

@article{ComertBegashaw2021,
	title = {Cycle-to-cycle queue length estimation from connected vehicles with filtering on primary parameters}, 
	DOI = {https://doi.org/10.1016/j.ijtst.2021.04.009}, 
	journal = {International Journal of Transportation Science and Technology}, 
	author = {Comert, Gurcan and Begashaw, Negash}, 
	pages = {1-15},
	year = {2021},
}

 @misc{connected_vehicle_tools, 
 	url={https://webapp2.connectedvcs.com/}, 
 	journal={Connected Vehicle Tools}
 } 

@article{Dmitriev1999,
	author = {S. P. Dmitriev and O. A. Stepanov and B. S. Rivkin and D. A. Koshaev and D. Chung},
	title = {Optimal map-matching for car navigation systems},
	journal = {Proc. of 6th International Conference on Integrated Navigation Systems},
	year = {1999},
}


@ARTICLE{Du2008,  
author={Du, Jie and Barth, Matthew J.},  
journal={IEEE T-ITS},   
title={Next-Generation Automated Vehicle Location Systems: Positioning at the Lane Level},   
year={2008},  
volume={9},  
number={1},  
pages={48-57},  
doi={10.1109/TITS.2007.908141}}


@book{farrell2008aided,
	title={{Aided Navigation: GPS with High Rate Sensors}},
	author={Farrell, J. A.},
	year={2008},
	publisher={McGraw-Hill, Inc.}
}

@article{FarrellRTK2000,
	author = {J. A. Farrell and T. D. Givargis and M. J. Barth},
	title = {{Real-time differential carrier phase GPS-aided INS}},
	journal = {IEEE Transactions on Control Systems Technology},
	year = {2000},
	volume = {8},
	number={4},  
	pages={709-721},  
}

@article{CSM_IMU,
  author={Farrell, Jay A. and Silva, Felipe O. and Rahman, Farzana and Wendel, Jan},
	journal={IEEE Control Systems Magazine}, 
	title={Inertial Measurement Unit Error Modeling Tutorial: Inertial Navigation System State Estimation with Real-Time Sensor Calibration}, 
	year={2022},
	volume={42},
	number={6},
	pages={40-66},
	doi={10.1109/MCS.2022.3209059}
}


@article{Hatch1983,
author = {R. Hatch },
	title = {{The synergism of GPS code and carrier measurements}},
	journal = {International geodetic sym-posium on satellite Doppler positioning},
	year = {1983},
	volume = {2},
	pages={1213-1231}
}

@article{Hwang1991,
	author = {P. Hwang},
	title = {{Kinematic GPS for differential postioning: Resolving integer ambiguities on the fly}},
	journal = {Navigation: J. Inst. Nav.},
	year = {1991},
	volume = {38},
}



@misc{flaherty_2021, 
	title={Bosch builds digital twin for more accurate maps}, url={https://www.eenewseurope.com/news/bosch-builds-digital-twin-more-accurate-maps}, 
	journal={eeNews Europe}, 
	author={Flaherty, Nick}, 
	year={2021}, 
	month={Jul}
} 

@ARTICLE{Gopalan2012,
	author={Gopalan, Raghuraman and Hong, Tsai and Shneier, Michael and Chellappa, Rama},
	journal={IEEE T-ITS}, 
	title={{A Learning Approach Towards Detection and Tracking of Lane Markings}}, 
	year={2012},
	volume={13},
	number={3},
	pages={1088-1098},
	doi={10.1109/TITS.2012.2184756}}

@ARTICLE{Gurg2016,
	author = {Gurghian, Alexandru and Koduri, Tejaswi and Bailur, Smita V. and Carey, Kyle J. and Murali, Vidya N.},
	title = {DeepLanes: End-To-End Lane Position Estimation Using Deep Neural Networksa},
	journal = {T-VT of the IEEE Conference on Computer Vision and Pattern Recognition (CVPR) Workshops},
	month = {June},
	year = {2016}
}

@ARTICLE{Hannson2021,  author={Hansson, Anders and Korsberg, Ellen and Maghsood, Roza and Nordén, Eliza and Selpi},  
	journal={IEEE T-IV},   title={{Lane-Level Map Matching Based on {HMM}}},   year={2021},  volume={6},  number={3},  pages={430-439},  doi={10.1109/TIV.2020.3035329}} 

@article{Hillel2014,
	author = {A. B. Hillel and R. Lerner and D. Levi and G. Raz},
	title = {{Recent progress in road and lane detection: A survey}},
	journal = {Mach. Vis. Appl.},
	pages = {727–745},
	volume = {25},
	number = {3},
	year = {2014},
}

@ARTICLE{HuVN2021,
	author = {W. Hu and A. Neupane and J. A. Farrell},
	title = {{Using PPP Information to Implement a Global Real-Time Virtual Network DGNSS Approach}},
	journal = {Under review. See https://arxiv.org/abs/2110.14763},
	year = {2021}
}

@inproceedings{jiao2018,
	title={{Machine Learning Assisted High-Definition Map Creation}},
	author={Jiao, Jialin},
	booktitle={42nd Annual Computer Software and Applications Conference (COMPSAC)},
	volume={1},
	pages={367--373},
	year={2018},
	organization={IEEE}
}

@INPROCEEDINGS{Kammel2008,
	author={Kammel, Soren and Pitzer, Benjamin},
	booktitle={2008 IEEE Intelligent Vehicles Symposium}, 
	title={Lidar-based lane marker detection and mapping}, 
	year={2008},
	volume={},
	number={},
	pages={1137-1142},
	doi={10.1109/IVS.2008.4621318}}

@ARTICLE{Knoop2017,  
author={Knoop, Victor L. and de Bakker, Peter F. and Tiberius, Christian C. J. M. and van Arem, Bart},  
journal={IEEE T-ITS},   
title={Lane Determination With GPS Precise Point Positioning},   
year={2017},  
volume={18},  
number={9},  
pages={2503-2513},  
doi={10.1109/TITS.2016.2632751}}

@article{LiuWuMaHu2009,
	author = {Henry X. Liu and Xinkai Wu and Wenteng Ma and Heng Hu},
	title = {Real-time queue length estimation for congested signalized intersections},
	journal = {Transp. Res. Part C: Emerging Tech.},
	volume = {17},
	number={4},
	pages ={412-427},
	year = {2009},
	doi ={10.1016/j.trc.2009.02.003},
}

@article{liu2020,
	title={{High definition map for automated driving: Overview and Analysis}},
	author={Liu, Rong and Wang, Jinling and Zhang, Bingqi},
	journal={The J. of Navigation},
	volume={73},
	number={2},
	pages={324--341},
	year={2020},
	publisher={Cambridge University Press}
}


@article{LeeWongLi2015,
	author = { Lee, S. and Wong, S.C. and Li, Y.C.},
	title = {Real-time estimation of lane-based queue lengths at isolated
	signalized junctions},
	journal = {Transp. Res. Part C: Emerging Tech.},
	volume = {56},
	pages ={1-17},
	year = {2015},
	doi ={http://hdl.handle.net/10722/210706},
}

@article{LiChengLi2018,
author = {Bing Li, Wei Cheng, Lishan Li},
title = {Real-Time Prediction of Lane-Based Queue Lengths for Signalized Intersections},
journal = {Journal of Advanced Transportation},
volume = {56},
pages ={1-18},
year = {2018},
doi ={10.1155/2018/5020518},
}

@article{logo2021,
	title={{Quality Aspects of High-Definition Maps}},
	author={L{\'o}g{\'o}, JM and Krausz, N and Pot{\'o}, V and Barsi, A},
	journal={The Int. Archives of Photogrammetry, Remote Sensing and Spatial Information Sciences},
	volume={43},
	pages={389--394},
	year={2021},
	publisher={Copernicus GmbH}
}

@inproceedings{massow2016,
	title={{Deriving HD maps for highly automated driving from vehicular probe data}},
	author={Massow, Kay and Kwella, Birgit and Pfeifer, Niko and H{\"a}usler, F and Pontow, Jens and Radusch, Ilja and Hipp, Jochen and D{\"o}litzscher, Frank and Haueis, Martin},
	booktitle={19th Int. Conf. on Int. Trans. Syst.},
	pages={1745--1752},
	year={2016},
	organization={IEEE}
}

@misc{ncst2021,
	title = {DO NOT USE URL's as references in the bibliography.  They are not permanent or archival. There content can change at anytime.  }
	},
}


@INPROCEEDINGS{Neven2018,
	author={Neven, Davy and Brabandere, Bert De and Georgoulis, Stamatios and Proesmans, Marc and Gool, Luc Van},
	booktitle={IEEE Intell. Veh. Symp.}, 
	title={Towards End-to-End Lane Detection: an Instance Segmentation Approach}, 
	year={2018},
	volume={},
	number={},
	pages={286-291},
	doi={10.1109/IVS.2018.8500547}}

@article{Obradovic2007,
	author = {D. Obradovic and H. Lenz and M. Schupfner},
	title = {Fusion of sensor data in Siemens car navigation system},
	journal = {IEEE Trans. Veh. Technol.},
	volume = {56},
	issue = {1},
	pages = {43–50},
	year = {2007},
}

@INPROCEEDINGS{Ogawa2006,
	author={Ogawa, T. and Takagi, K.},
	booktitle={2006 IEEE Intelligent Vehicles Symposium}, 
	title={Lane Recognition Using On-vehicle LIDAR}, 
	year={2006},
	volume={},
	number={},
	pages={540-545},
	doi={10.1109/IVS.2006.1689684}}

@article{pal2019,
	title={{Recent advances in Software, Sensors and Computation Platforms Used in Autonomous Vehicles, A Survey}},
	author={Pal, Bishwajit and Khaiyum, Samitha and Kumaraswamy, YS and others},
	journal={Int. J. Res. Anal. Rev},
	volume={6},
	number={1},
	year={2019}
}

@inproceedings{poto2017,
	title={{Creating HD map for autonomous vehicles-a pilot study}},
	author={Pot{\'o}, Vivien and Somogyi, {\'A}rp{\'a}d and Lovas, Tam{\'a}s and Barsi, {\'A} and Tihanyi, Viktor and Szalay, Zsolt},
	booktitle={34th Int. Colloquium on Advanced Manufacturing and Repairing Technologies in Vehicle Industry},
	year={2017}
}

@inproceedings{Rabe2016,
	author = {Rabe, Johannes and Meinke, Martin and Necker, Marc and Stiller, Christoph},
	title = {{Lane-Level Map-Matching Based on Optimization}},
	year = {2016},
	publisher = {IEEE Press},
	url = {https://doi.org/10.1109/ITSC.2016.7795702},
	doi = {10.1109/ITSC.2016.7795702},
	booktitle = {IEEE 19th Int. Conf. on Intell. Transp. Syst.},
	pages = {1155–1160},
	location = {Rio de Janeiro, Brazil}
}

@inproceedings{rogers1999,
	title={{Learning to predict lane occupancy using GPS and digital maps}},
	author={Rogers, Seth and Langley, Pat and Wilson, Christopher},
	booktitle={Proc. of the 5th Int. Conference on Knowledge Discovery and Data Mining},
	pages={104--113},
	year={1999}
}

@techreport{hedges2008overview,
	title={{Overview and use of SAE J2735 message sets for commercial vehicles}},
	author={Hedges, Chris and Perry, Frank},
	year={2008},
	institution={SAE Technical Paper}
}

@misc{schulke_2021, 
	title={Swarm intelligence for automated driving}, url={https://www.bosch-presse.de/pressportal/de/en/swarm-intelligence-for-automated-driving-231431.html}, 
	journal={Bosch Media Service}, 
	author={Schulke, Caroline}, 
	year={2021}, 
	month={Jul}
}

@inproceedings{szanto2019,
	title={Introducing CrowdMapping: A novel system for generating autonomous driving aiding traffic network databases},
	author={Sz{\'a}nt{\'o}, M{\'a}ty{\'a}s and Vajta, L{\'a}szl{\'o}},
	booktitle={Int. Conference on Control, Artificial Intelligence, Robotics \& Optimization (ICCAIRO)},
	pages={7--12},
	year={2019},
	organization={IEEE}
}


@article{Teunissen1994,
	author = {P. Teunissen},
	title = {A new method for fast carrier phase ambiguity estimation},
	journal = {IEEE PLANS},
	pages = {562–573},
	year = {1994},
}


@article{WANG2004,
author = {Yue Wang
and Eam Khwang Teoh and Dinggang Shen},
title = {Lane detection and tracking using B-Snake},
journal = {Image and Vision Computing},
volume = {22},
number = {4},
pages = {269-280},
year = {2004},
issn = {0262-8856},
doi = {https://doi.org/10.1016/j.imavis.2003.10.003}}

@article{wong2020,
	title={{Mapping for Autonomous Driving: Opportunities and Challenges}},
	author={Wong, Kelvin and Gu, Yanlei and Kamijo, Shunsuke},
	journal=IEEE_M_ITS,
	volume={13},
	number={1},
	pages={91--106},
	year={2020},
	publisher={IEEE}
}

@article{WongShenZhaoLiu2019,
	author = {Wai Wong and Shengyin Shen and Yan Zhao and Henry X. Liu},
	title = {On the estimation of connected vehicle penetration rate based on single-source connected vehicle data},
	journal = {Transportation Research Part B},
	volume = {126},
	pages ={169–191},
	year = {2019},
	doi ={10.1016/j.trb.2019.06.003},
}


@INPROCEEDINGS{Yu1992,
	author={Yu, X. and Beucher, S. and Bilodeau, M.},
	booktitle={Proc. Intelligent Vehicles `92 Symposium}, 
	title={Road tracking, lane segmentation and obstacle recognition by mathematical morphology}, 
	year={1992},
	volume={},
	number={},
	pages={166-172},
	doi={10.1109/IVS.1992.252251}}

@article{WANG2004,
author = {Yue Wang
and Eam Khwang Teoh and Dinggang Shen},
title = {Lane detection and tracking using B-Snake},
journal = {Image and Vision Computing},
volume = {22},
number = {4},
pages = {269-280},
year = {2004},
issn = {0262-8856},
doi = {https://doi.org/10.1016/j.imavis.2003.10.003}}

@inproceedings{white1991,
	title={{Emerging Requirements for Digital Maps for In-Vehicle Pathfinding and Other Traveller Assistance}},
	author={White, Marvin},
	booktitle={Vehicle Navigation and Information Systems Conference},
	volume={2},
	pages={179--184},
	year={1991},
	organization={IEEE}
}

@article{WilliamsBarth2020,
	author = {Williams, Nigel and Matthew Barth},
	title = {A qualitative analysis of vehicle positioning requirements for connected vehicle applications},
	journal = {IEEE Intelligent Transportation Systems Magazine},
	year = {2020},
	pages = {225-242},
}

@inproceedings{yan2020,
	title={{Lane Information Perception Network for HD Maps}},
	author={Yan, Chao and Zheng, Chao and Gao, Chao and Yu, Wei and Cai, Yuzhan and Ma, Changjie},
	booktitle={23rd Int. Conf. on Int. Trans. Syst.},
	pages={1--6},
	year={2020},
	organization={IEEE}
}

@article{ZZWWML2019A,
author = {Yan Zhao and Jianfeng Zheng and Wai Wong and Xingmin Wang and Yuan Meng and Henry X. Liu},
title = {Various methods for queue length and traffic volume estimation using probe vehicle trajectories},
journal = {Transportation Research Part C},
year = {2019},
pages = {70-91},
doi = {10.1016/j.trc.2019.07.008},
}

@article{ZZWWML2019B,
	author = {Yan Zhao and Jianfeng Zheng and Wai Wong and Xingmin Wang and Yuan Meng and Henry X. Liu},
	title ={Estimation of Queue Lengths, Probe Vehicle Penetration Rates, and Traffic Volumes at Signalized Intersections using Probe Vehicle Trajectories},
	journal = {Transportation Research Record},
	volume = {2673},
	number = {11},
	pages = {660-670},
	year = {2019},
	doi = {10.1177/0361198119856340},
}

@book{teunissen2017springer,
	title={Springer Handbook of Global Navigation Satellite Systems},
	author={Teunissen, Peter and Montenbruck, Oliver},
	year={2017},
	publisher={Springer}
}

@article{hu2021using,
	title={{Using PPP Information to Implement a Global Real-Time Virtual Network DGNSS Approach}},
	author={Hu, Wang and Neupane, Ashim and Farrell, Jay A},
	journal={arXiv preprint arXiv:2110.14763},
	year={2021}
}

@article{5888501,
	author={Kenney, John B.},
	journal={Proc. of the IEEE}, 
	title={{Dedicated Short-Range Communications (DSRC) Standards in the United States}}, 
	year={2011},
	volume={99},
	number={7},
	pages={1162-1182},
	doi={10.1109/JPROC.2011.2132790}}

@article{drezner1990computation,
	title={{On the computation of the bivariate normal integral}},
	author={Drezner, Zvi and Wesolowsky, George O},
	journal={Journal of Statistical Computation and Simulation},
	volume={35},
	number={1-2},
	pages={101--107},
	year={1990},
	publisher={Taylor \& Francis}
}

@INPROCEEDINGS{Goh2012,
	author={Goh, C.Y. and Dauwels, J. and Mitrovic, N. and Asif, M. T. and Oran, A. and Jaillet, P.},
	booktitle={15th Int. IEEE Conf. on Int. Transp. Syst.}, 
	title={{Online map-matching based on Hidden Markov Model for Real-Time Traffic Sensing Applications}}, 
	year={2012},
	volume={},
	number={},
	pages={776-781},
	doi={10.1109/ITSC.2012.6338627}}

 @online{jurafsky_martin,
 	 edition={3rd},
 	 chapter={Hidden Markov Models}, 
 	 note={Available: \url{https://web.stanford.edu/~jurafsky/slp3/A.pdf}},
 	 title={Speech and Language Processing}, 
 	 year = {2023},
 	 author={Jurafsky, Dan and Martin, James H.}} 
  
  @ARTICLE{Rabiner,
  	author={Rabiner, L. R.},
  	journal={Proc. of the IEEE}, 
  	title={A tutorial on hidden Markov models and selected applications in speech recognition}, 
  	year={1989},
  	volume={77},
  	number={2},
  	pages={257-286},
  	doi={10.1109/5.18626}}
  
  @INPROCEEDINGS{Fu2019,
  	author={Fu, Shuaizhi and Chen, Wei and Kong, Haiyang and Zheng, Hongjiang and Du, Luyao and Li, Changzhen},
  	booktitle={5th Int. Conf. on Transp. Inform. and Safety}, 
  	title={{Lane-Level Map-Matching at Multilane Intersections Based on Network RTK and Internet of Vehicle}}, 
  	year={2019},
  	volume={},
  	number={},
  	pages={718-722},
  	doi={10.1109/ICTIS.2019.8883697}}
  
  @ARTICLE{Hu2019,
  	author={Hu, Yigong and Lu, Binbin},
  	journal={IEEE Access}, 
  	title={{A Hidden Markov Model-Based Map Matching Algorithm for Low Sampling Rate Trajectory Data}}, 
  	year={2019},
  	volume={7},
  	number={},
  	pages={178235-178245},
  	doi={10.1109/ACCESS.2019.2958982}}
  
  @ARTICLE{Kasmi2021,
  	author={Kasmi, Abderrahim and Laconte, Johann and Aufrere, Romuald and Denis, Dieumet and Chapuis, Roland},
  	journal={IEEE T-IV}, 
  	title={End-to-End Probabilistic Ego-Vehicle Localization Framework}, 
  	year={2021},
  	volume={6},
  	number={1},
  	pages={146-158},
  	doi={10.1109/TIV.2020.3017256}}
  @inproceedings{Newson,
  	author = {Newson, Paul and Krumm, John},
  	title = {{Hidden Markov Map Matching Through Noise and Sparseness}},
  	year = {2009},
  	isbn = {9781605586496},
  	url = {https://doi.org/10.1145/1653771.1653818},
  	doi = {10.1145/1653771.1653818},
  	booktitle = {Proc. of the 17th ACM SIGSPATIAL Int. Conf. on Adv. in GIS},
  	pages = {336–343},
  	numpages = {8},
  	keywords = {road map, driving routes, map matching, location},
  	location = {Seattle, Washington},
  }

@book{maybeck1979stochastic,
  title={Stochastic Models, Estimation, and Control},
  author={P. S. Maybeck},
  volume={1},
  year={1979},
  publisher={Academic Press}
}


@inbook{simon2006optimal,
	title={Optimal State Estimation: Kalman, H Infinity, and Nonlinear Approaches},
	author={Simon, D.},
	isbn={9780470045336},
	lccn={2006040065},
	url={https://books.google.com/books?id=UiMVoP_7TZkC},
	year={2006},
	publisher = {John Wiley & Sons, Ltd},
}

@book{moore2009introtostats,
	title={{Introduction to the Practice of Statistics}},
	author={Moore, David S. and McCabe, George P. and Craig, Bruce A.},
	year={2009},
	publisher={W. H. Freeman and Company},
	edition={6th edition}
}

@book{hofmann2007gnss,
	title={{GNSS--global navigation satellite systems: GPS, GLONASS, Galileo, and more}},
	author={Hofmann-Wellenhof, Bernhard and Lichtenegger, Herbert and Wasle, Elmar},
	year={2007},
	publisher={Springer Science \& Business Media}
}

@inproceedings{kreibich2021lane,
	title={{Lane-Level Matching Algorithm Based on GNSS, IMU and Map Data}},
	author={Kreibich, Julian and Brenner, Frederic and Lienkamp, Markus},
	booktitle={2021 8th International Conference on Soft Computing \& Machine Intelligence (ISCMI)},
	pages={211--218},
	year={2021},
	organization={IEEE}
}

@article{rahman2022low,
	title={{Low-Cost Real-Time PPP GNSS Aided INS for CAV Applications}},
	author={Rahman, Farzana and Silva, Felipe O and Jiang, Zeyi and Farrell, Jay A},
	journal={IEEE T-ITS},
	volume={23},
	number={12},
	pages={25018--25032},
	year={2022},
	publisher={IEEE}
}

@article{hu2022using,
	title={{Using PPP Information to Implement a Global Real-Time Virtual Network DGNSS Approach}},
	author={Hu, Wang and Neupane, Ashim and Farrell, Jay A},
	journal={IEEE T-VT},
	volume={71},
	number={10},
	pages={10337--10349},
	year={2022},
	publisher={IEEE}
}
@article{altan2017glidepath,
	title={{GlidePath: Eco-friendly automated approach and departure at signalized intersections}},
	author={Altan, Osman D and Wu, Guoyuan and Barth, Matthew J and Boriboonsomsin, Kanok and Stark, John A},
	journal={IEEE T-IV},
	volume={2},
	number={4},
	pages={266--277},
	year={2017},
	publisher={IEEE}
}
@inproceedings{rabe2016lane,
	title={{Lane-level Map-Matching Based on Optimization}},
	author={Rabe, Johannes and Meinke, Martin and Necker, Marc and Stiller, Christoph},
	booktitle={IEEE 19th Int. Conf. on Intell. Transp. Syst.},
	pages={1155--1160},
	year={2016},
	organization={IEEE}
}
@article{he2022lanematch,
	title={{LaneMatch: A Practical Real-Time Localization Method Via Lane-Matching}},
	author={He, Mengwen and Rajkumar, Ragunathan Raj},
	journal={IEEE Robotics and Automation Letters},
	volume={7},
	number={2},
	pages={4408--4415},
	year={2022},
	publisher={IEEE}
}
@inproceedings{li2017lane,
	title={{Lane-level map-matching with integrity on high-definition maps}},
	author={Li, Franck and Bonnifait, Philippe and Ibanez-Guzman, Javier and Zinoune, Cl{\'e}ment},
	booktitle={IEEE Intell. Veh. Symp.},
	pages={1176--1181},
	year={2017},
	organization={IEEE}
}
@article{du2008next,
	title={{Next-Generation Automated Vehicle Location Systems: Positioning at The Lane Level}},
	author={Du, Jie and Barth, Matthew J},
	journal={IEEE T-ITS},
	volume={9},
	number={1},
	pages={48--57},
	year={2008},
	publisher={IEEE}
}

@inproceedings{du2004lane,
	title={{Lane-level Positioning for In-Vehicle Navigation and Automated Vehicle Location (AVL) Systems}},
	author={Du, Jie and Masters, Jason and Barth, Matthew},
	booktitle={Proc. 7th Int. IEEE Conf. on ITS},
	pages={35--40},
	year={2004},
	organization={IEEE}
}
@article{hu2022assessment,
	title={{Assessment of US Department of Transportation Lane-Level Map for Connected Vehicle Applications}},
	author={Hu, Wang and Oswald, David and Wu, Guoyuan and Farrell, Jay A},
	journal={arXiv preprint arXiv:2206.13774},
	year={2022}
}

@article{lanelocal2023,
title={{Lane-Level Localization and Map Matching for Advanced Connected and Automated Vehicle (CAV) Applications}},
author={Farrell, Jay and Wu, Guoyuan and Hu, Wang and Oswald, David and Hao,Peng},
journal={UC Davis: National Center for Sustainable Transportation},
year={2023},
url={https://doi.org/10.7922/G25T3HSS}
}

@inproceedings{chen2018cooperative,
	title={Cooperative perception for connected autonomous vehicles using V2V communications},
	author={Chen, Tao and Chen, Yuchen and Wang, Hao and et al.},
	booktitle={2018 IEEE Intell. Veh. Symp.},
	pages={744--749},
	year={2018},
	organization={IEEE}
}

@article{lu2020connected,
	title={Connected vehicles meet smart intersections: A survey on data sharing, communication protocols, and applications},
	author={Lu, Qiang and Xu, Yue and Wang, Zheng and Zhang, Hongyu},
	journal={Transp. Res. Part C: Emerging Tech.},
	volume={111},
	pages={383--409},
	year={2020},
	publisher={Elsevier}
}

@article{lu2014cooperative,
	title={Cooperative driving at blind crossings using inter-vehicle communication},
	author={Lu, Xiao-Yun and Hedrick, J. Karl and Tseng, H. Eric},
	journal={IEEE T-VT},
	volume={63},
	number={1},
	pages={458--471},
	year={2014},
	publisher={IEEE}
}


@article{dresner2008multiagent,
	title={A multiagent approach to autonomous intersection management},
	author={Dresner, Kurt and Stone, Peter},
	journal={Journal of Artificial Intelligence Research},
	volume={31},
	pages={591--656},
	year={2008},
	publisher={AI Access Foundation}
}

@ARTICLE{Paden2016,
	author={Paden, Brian and Čáp, Michal and Yong, Sze Zheng and Yershov, Dmitry and Frazzoli, Emilio},
	journal={IEEE T-IV}, 
	title={A Survey of Motion Planning and Control Techniques for Self-Driving Urban Vehicles}, 
	year={2016},
	volume={1},
	number={1},
	pages={33-55},
	keywords={Feedback control;Motion planning;Autonomous automobiles;Decision making;Intelligent vehicles;Trajectory;Path planning},
	doi={10.1109/TIV.2016.2578706}}

@article{Yuan2025,
	title = {Lane-level map matching for vehicles using mask-based raster high-definition maps},
	journal = {Expert Systems with Applications},
	volume = {287},
	pages = {128195},
	year = {2025},
	issn = {0957-4174},
	doi = {https://doi.org/10.1016/j.eswa.2025.128195},
	url = {https://www.sciencedirect.com/science/article/pii/S0957417425018159},
	author = {Yuan Guo and Ziyue Tian and Bijun Li and Jian Zhou and Zhangcai Yin and Quanhua Dong and Shen Ying}
}

@article{Feng2020,
	author = {Feng, Jie and Li, Yong and Zhao, Kai and Xu, Zhao and Xia, Tong and Zhang, Jinglin and Jin, Depeng},
	year = {2020},
	month = {12},
	pages = {1-1},
	title = {DeepMM: Deep Learning Based Map Matching with Data Augmentation},
	volume = {PP},
	journal = {IEEE Transactions on Mobile Computing},
	doi = {10.1109/TMC.2020.3043500}
}


@Article{Yu2022,
	AUTHOR = {Yu, Qingying and Hu, Fan and Chen, Chuanming and Sun, Liping and Zheng, Xiaoyao},
	TITLE = {Low-Frequency Trajectory Map Matching Method Based on Vehicle Heading Segmentation},
	JOURNAL = {ISPRS International Journal of Geo-Information},
	VOLUME = {11},
	YEAR = {2022},
	NUMBER = {7},
	ARTICLE-NUMBER = {355},
	url` = {https://www.mdpi.com/2220-9964/11/7/355},
	ISSN = {2220-9964},
	DOI = {10.3390/ijgi11070355}
}



